@article{Bouaziz2014,
    title = {{Projective dynamics: Fusing constraint projections for fast simulation}},
    year = {2014},
    journal = {ACM Transactions on Graphics},
    author = {Bouaziz, Sofien and Martin, Sebastian and Liu, Tiantian and Kavan, Ladislav and Pauly, Mark},
    number = {4},
    pages = {1--11},
    volume = {33},
    publisher = {Association for Computing Machinery},
    doi = {10.1145/2601097.2601116},
    issn = {15577333},
    keywords = {Continuum mechanics., Implicit Euler method, Physics-based animation, Position based dynamics}
}

@article{chun_2005, 
    title={Ethical Character and Virtue of Organizations: An Empirical Assessment and Strategic Implications}, 
    volume={57}, 
    DOI={10.1007/s10551-004-6591-2}, 
    number={3}, 
    journal={Journal of Business Ethics}, 
    author={Chun, Rosa}, 
    year={2005}, 
    pages={269-284}
}

@book{waller_2015,
  author         = {Bruce N. Waller},
  editor         = {},
  publisher      = {MIT Press},
  title          = {The Stubborn System of Moral Responsibility},
  year           = {2015}
}